@book{algebra-linear-teoria-e-aplicacoes,
    title = {Álgebra Linear: Teoria e Aplicações},
    author = {Thelmo de Araujo},
    isbn = {9788583370253},
    series = {Colução Textos Universitários},
    year = {2014},
    publisher = {SBM}
}

@online{dataset,
  title = {Mendeley Data - Concrete Crack Images for Classification},
  url = {https://data.mendeley.com/datasets/5y9wdsg2zt/2},
  urldate = {2022-06-20}
}

@article{ozgenel2018,
    author = {Özgenel Ç.F. and Gönenç Sorguç A},
    title = {Performance Comparison of Pretrained Convolutional Neural Networks on Crack Detection in Buildings},
    journal = {ISARC},
    year = {2018}
}

@article{zhang2016,
    author = {Lei Zhang, Fan Yang, Yimin Daniel Zhang and Y. J. Z. Zhang},
    title = {Road Crack Detection Using Deep Convolutional Neural Network},
    journal = {International Conference on Image Processing (ICIP)},
    year = {2016}
}