@book{history,
    title = {The History of Statistics: The Measurement of Uncertainty Before 1900},
    author = {Stephen M Stigler},
    isbn = {9780674403406},
    year = {1986},
    publisher = {Belknap Press},
    url = {https://archive.org/details/historyofstatist00stig},
    pages = {55-61}
}

@book{algebra-linear-teoria-e-aplicacoes,
    title = {Álgebra Linear: Teoria e Aplicações},
    author = {Thelmo de Araujo},
    isbn = {9788583370253},
    series = {Colução Textos Universitários},
    year = {2014},
    publisher = {SBM}
}

@book{linear-applications,
    title = {Least Squares Data Fitting with Applications},
    author = {Per Christian Hansen, Víctor Pereyra, Godela Scherer},
    isbn = {9781421407869},
    year = {2013},
    publisher = {JHU Press}
}

@online{reamat,
  author = {Livro Colaborativo},
  title = {REAMAT - Álgebra Linear},
  year = {2020},
  url = {https://www.ufrgs.br/reamat/AlgebraLinear/index.html},
  urldate = {2022-01-05}
}

@online{gram-notes,
  author = {Padraic Bartlett},
  title = {Lecture 4: Applications of Orthogonality: QR Decompositions},
  year = {2014},
  url = {http://web.math.ucsb.edu/~padraic/ucsb_2013_14/math108b_w2014/math108b_w2014_lecture4.pdf},
  urldate = {2022-01-05}
}

@online{dataset,
  title = {UCI Machine Learning Repository - Condition Based Maintenance of Naval Propulsion Plants Data Set},
  url = {http://archive.ics.uci.edu/ml/datasets/condition+based+maintenance+of+naval+propulsion+plants},
  urldate = {2022-01-05}
}

@article{Coraddu2013Machine,
    author = {Coraddu, Andrea and Oneto, Luca and Ghio, Alessandro and Savio, Stefano and Anguita, Davide and Figari, Massimo},
    title = {Machine Learning Approaches for Improving Condition Based Maintenance of Naval Propulsion Plants},
    journal = {Journal of Engineering for the Maritime Environment},
    year = {2014}
}

@article{haaland1982,
    author = {David M. Haaland, Robert G. Easterling},
    title = {Application of New Least-Squares Methods for the Quantitative Infrared Analysis of Multicomponent Samples},
    journal = {Applied Spectroscopy},
    volume = {36},
    issue = {6},
    pages = {665-673},
    year = {1982}
}

@article{cantrell2008,
    author = {C. A. Cantrell},
    title = {Technical Note: Review of methods for linear least-squares fitting of data and application to atmospheric chemistry problems},
    journal = {Atmospheric Chemestry and Physics},
    volume = {8},
    pages = {5477–5487},
    year = {2008}
}